@inproceedings{7479278, 
    author={M. Latif and Y. Lakhrissi and E. H. Nfaoui and N. Es-Sbai}, 
    booktitle={2016 International Conference on Information Technology for Organizations Development (IT4OD)}, 
    title={Cross platform approach for mobile application development: A survey}, 
    year={2016}, 
    volume={}, 
    number={}, 
    pages={1-5}, 
    keywords={mobile computing;software engineering;mobile application development;mobile platforms;SDK tools;software development kit tools;cross-platform creation approaches;MDA approach;model driven architecture approach;Mobile communication;User interfaces;Smart phones;Mobile applications;Java;Browsers;Hybrid power systems;Cross-platforms;mobile application development;Model Driven Engineering}, 
    doi={10.1109/IT4OD.2016.7479278}, 
    ISSN={}, 
    month={March},
}

@misc{https://doi.org/10.25673/6251,
  doi = {10.25673/6251},
  author = {Linck, Arne},
  keywords = {DDC::000 Informatik, Informationswissenschaft, allgemeine Werke::000 Informatik, Wissen, Systeme::000 Informatik, Informationswissenschaft, allgemeine Werke},
  title = {Vergleich von Cross-Plattform-Frameworks für die Appentwicklung und Validierung der Ergebnisse durch Implementierung eines XXO-Spiels},
  publisher = {Hochschulbibliothek, Hochschule Merseburg},
  year = {2016}
}

@inproceedings{7934674, 
author={M. Latif and Y. Lakhrissi and E. H. Nfaoui and N. Es-Sbai}, 
booktitle={2017 International Conference on Wireless Technologies, Embedded and Intelligent Systems (WITS)}, 
title={Review of mobile cross platform and research orientations}, 
year={2017}, 
volume={}, 
number={}, 
pages={1-4}, 
keywords={mobile computing;mobile handsets;mobile cross-platform;mobile applications;research orientation;Mobile communication;Computational modeling;Mobile applications;Cascading style sheets;Context modeling;User interfaces;Application programming interfaces;Cross-platforms;platforms mobile application development;Model Driven Engineering}, 
doi={10.1109/WITS.2017.7934674}, 
ISSN={}, 
month={April},}

@misc{JohanssonSderberg2018, 
title={Evaluating performance of a React Native feature set}, url={http://urn.kb.se/resolve?urn=urn:nbn:se:liu:diva-148323}, 
abstractNote={React Native has quickly become one of the most popular cross-platform frameworks for developing Android and iOS applications since it was first released by Facebook in 2015. In this study a proof of concept application is  developed and a set of features are evaluated with regard to performance efficiency. Results of measurements show that while React Native does perform worse than it’s Android counterpart, it performs sufficiently well for building most applications with but can be more problematic for applications running heavier client-side logic.}, 
author={Johansson, Erik and S{\"o}derberg, Jesper}, 
year={2018}
}

@Inbook{Keist2016,
author="Keist, Nikolai-Kevin
and Benisch, Sebastian
and M{\"u}ller, Christian",
editor="Barton, Thomas
and M{\"u}ller, Christian
and Seel, Christian",
title="M{\"o}glichkeiten und Grenzen der plattform{\"u}bergreifenden App-Entwicklung",
bookTitle="Mobile Anwendungen in Unternehmen: Konzepte und betriebliche Einsatzszenarien",
year="2016",
publisher="Springer Fachmedien Wiesbaden",
address="Wiesbaden",
pages="109--119",
abstract="Der Smartphone-Markt wird von unterschiedlichen Betriebssystemen dominiert. Mobile Applikationen k{\"o}nnen als betriebssystemabh{\"a}ngige native Apps oder als betriebssystemunabh{\"a}ngige hybride Apps bzw. Web-Apps realisiert werden. Dieser Beitrag diskutiert die verschiedenen App-Formen und stellt einen Leitfaden vor, welcher f{\"u}r unterschiedliche Rahmenbedingungen geeignete App-Formen vorschl{\"a}gt.",
isbn="978-3-658-12010-8",
doi="10.1007/978-3-658-12010-8_8",
url="https://doi.org/10.1007/978-3-658-12010-8_8"
}

@book{ZubaBernhard2017EdPb,
year = {2017},
title = {Evaluierung der Portierung bestehender mobiler Web-Apps als native Applikationen mittels Xamarin und React Native},
language = {ger},
author = {Zuba, Bernhard},
keywords = {Hochschulschrift},
}

@misc{Steczko2016, 
title={Analysis of companies’ experience with cross-platform development compared to native development for mobile devices}, 
url={http://urn.kb.se/resolve?urn=urn:nbn:se:lnu:diva-54424}, 
abstractNote={Today, there are a handful of different platforms for mobile phones. Writing an application natively for each mobile operating system is time consuming and expensive. This situation has created a need for using cross-platform frameworks, that allow programmers to create an application once and run it on all platforms. The problem is that it is not certain whether cross-platform apps can fully replace native ones, or if by using cross-platform tools some desired qualities are lost. Investigating this issue would allow to find out which one of these two application development methods is better, or in which situation it is better to choose one over the other. Such knowledge would allow to decrease development time and costs. Companies that create mobile applications on a daily basis have expertise in this area. Thus, thirteen interviews were done with thirteen distinct businesses in order to research this problem. The results showed that native development produces higher quality applications, but there are some situations where it might be better to use cross-platform frameworks. }, 
author={Steczko, Jan}, 
year={2016}
}
